@book{Str00,
  title     = "The elements of style",
  author    = "Strunk, William I.",
  year      = 2000,
  publisher = "Longman",
  address   = "Newyork",
  edition   = "4th" 
}